@inproceedings{DBLP:conf/csl/OHearnRY01,
  author    = {P. O'Hearn and
               J. C. Reynolds and
               H. Yang},
  title     = {Local Reasoning about Programs that Alter Data Structures},
  booktitle = {CSL},
  year      = {2001},
}

@inproceedings {Gardner08DOM,
 booktitle = {Proc. of PODS '08},
  author = "P. Gardner and G. Smith and M. Wheelhouse and U. Zarfaty",
 title = {Local Hoare reasoning about {DOM}},
  year = "2008",
 pages = {261--270},
 publisher = {ACM},
}

@phdthesis{Smith2010,
author = {Smith, G.D.},
booktitle = {October},
keywords = {PGDS},
mendeley-tags = {PGDS},
pages = {1--283},
school = {Dep. of {C}omputing, {Imperial College London}},
title = {{Local Reasoning about Web Programs}},
year = {2010}
}

@InProceedings{segments,
  author = "P. A. Gardner and Mark J. Wheelhouse",
  title = "Small Specifications for Tree Update",
  booktitle = "WSFM-09",
  year = "2009",
}

@inproceedings{gms-popl,
  author = {P. Gardner and
            S. Maffeis and
            G. Smith},
  title = {Towards A Program Logic for {J}ava{S}cript},
  booktitle = {POPL},
  year = {2012}
}

@misc{gms-popl-proofs,
 author= {P. Gardner and S. Maffeis and G. Smith},
 title = {Towards A Program Logic for {J}ava{S}cript},
 howpublished= {Imperial College London Technical Report number DTR11-11},
 month = {November},
 year = {2011}
}
