@inproceedings{DBLP:conf/csl/OHearnRY01,
  author    = {P. O'Hearn and
               J. C. Reynolds and
               H. Yang},
  title     = {Local Reasoning about Programs that Alter Data Structures},
  booktitle = {CSL},
  year      = {2001},
}

@inproceedings {Gardner08DOM,
 booktitle = {Proc. of PODS '08},
  author = "P. Gardner and G. Smith and M. Wheelhouse and U. Zarfaty",
 title = {Local Hoare reasoning about {DOM}},
  year = "2008",
 pages = {261--270},
 publisher = {ACM},
}

@phdthesis{Smith2010,
author = {Smith, G.D.},
booktitle = {October},
keywords = {PGDS},
mendeley-tags = {PGDS},
pages = {1--283},
school = {Dep. of {C}omputing, {Imperial College London}},
title = {{Local Reasoning about Web Programs}},
year = {2010}
}

@InProceedings{segments,
  author = "P. A. Gardner and Mark J. Wheelhouse",
  title = "Small Specifications for Tree Update",
  booktitle = "WSFM-09",
  year = "2009",
}

@inproceedings{gms-popl,
  author = {P. Gardner and
            S. Maffeis and
            G. Smith},
  title = {Towards A Program Logic for {J}ava{S}cript},
  booktitle = {POPL},
  year = {2012}
}

@misc{gms-popl-proofs,
 author= {P. Gardner and S. Maffeis and G. Smith},
 title = {Towards A Program Logic for {J}ava{S}cript},
 howpublished= {Imperial College London Technical Report number DTR11-11},
 month = {November},
 year = {2011}
}

@inproceedings{Steensgaard:1996:PAA:237721.237727,
 author = {Steensgaard, Bjarne},
 title = {Points-to analysis in almost linear time},
 booktitle = {Proceedings of the 23rd ACM SIGPLAN-SIGACT symposium on Principles of programming languages},
 series = {POPL '96},
 year = {1996},
 isbn = {0-89791-769-3},
 location = {St. Petersburg Beach, Florida, United States},
 pages = {32--41},
 numpages = {10},
 url = {http://doi.acm.org/10.1145/237721.237727},
 doi = {10.1145/237721.237727},
 acmid = {237727},
 publisher = {ACM},
 address = {New York, NY, USA},
 unread = {1},
}

@misc{ses-workshop,
  title = {Secure ECMAScript Workshop},
  url = {http://ses.json.org/}
}

@misc{securable-es,
  title = {What is ``Securable ECMAScript 5''?},
  url = {http://code.google.com/p/es-lab/wiki/SecureableES5}
}

@misc{ses-diffs,
  title = {How does draft SES differ from ES5?},
  url = {http://code.google.com/p/es-lab/wiki/SecureEcmaScript}
}

@techreport{KassiosKritikos12,
 author = {I. T. Kassios and E. Kritikos},
 title = {A Discipline for Program Verification based on Backpointers and its Use in Observational Disjointness},
 institution = {ETH Zurich},
 year = {2012},
 number = {772}
}
